@misc{PCM,
      author = {Alberto Jaspe},
      title = {Point {C}loud {M}anager. {A} multiresolution system for managing masive point cloud datasets},
      year = {2012}
}
