@misc{PCM,
      author = {Alberto Jaspe},
      title = {Point {C}loud {M}anager. {A} multiresolution system for managing masive point cloud datasets},
      year = {2012}
}

@Book{agile_dev,
  author = {Alistair Cockburn},
  OPTeditor = {},
  title = {Agile Software Development},
  publisher = {Addison-Wesley Professional},
  year = {2001},
  series = {ISBN 978-0-20-169969-2},
  OPTkey = {},
  OPTvolume = {},
  OPTnumber = {},
  OPTseries = {},
  OPTaddress = {},
  edition = {first},
  OPTmonth = {},
  OPTnote = {},
  OPTannote = {}
}

@article {agile_mani,
	author = {Kent Beck},
	title = {Manifesto for Agile Software Development},
	journal = {Agile Alliance},
	year={2001}
}

@Book{XP,
  author = {Kent Beck},
  OPTeditor = {},
  title = {Extreme Programming Explained: Embrace Change},
  publisher = {Addison-Wesley},
  year = {1999},
  series = {ISBN 978-0-20-161641-5},
  OPTkey = {},
  OPTvolume = {},
  OPTnumber = {},
  OPTseries = {},
  OPTaddress = {},
  edition = {first},
  OPTmonth = {},
  OPTnote = {},
  OPTannote = {}
}

@misc{gitrev,
      author = "Linus Torvalds",
      title = "Git",
      year = 2005,
      howpublished={\url{http://git-scm.com/}}
}
